<?xml version="1.0" encoding="UTF-8"?><collection xmlns="http://www.loc.gov/MARC21/slim"><record><leader>00599nam--2200181-u-4500</leader><controlfield tag="001">000053289</controlfield><controlfield tag="002">20161230</controlfield><controlfield tag="005">20161230201051</controlfield><controlfield tag="008">110119s1000------------r-----000-0-fre-d</controlfield><datafield ind1=" " ind2=" " tag="040"><subfield code="a">IFIN-HH</subfield></datafield><datafield ind1=" " ind2=" " tag="041"><subfield code="a">fre</subfield></datafield><datafield ind1=" " ind2=" " tag="080"><subfield code="a">015:535:61</subfield></datafield><datafield ind1="1" ind2=" " tag="100"><subfield code="a">Martin, Ep. Berny Francoise Marie</subfield></datafield><datafield ind1="1" ind2="0" tag="245"><subfield code="a">Correlation de phase dans la lumiere reflechie par la retine et determination de la surface s'onde su systeme optique de l'oeil</subfield><subfield code="b">These</subfield><subfield code="c">Francoise marie martin, ep. berny</subfield></datafield><datafield ind1=" " ind2=" " tag="260"><subfield code="a">Orsay</subfield><subfield code="b">Universite Paris - Sud</subfield><subfield code="c">1971</subfield></datafield><datafield ind1=" " ind2=" " tag="300"><subfield code="a">/PAG. DIF</subfield></datafield><datafield ind1=" " ind2=" " tag="852"><subfield code="a">38110</subfield><subfield code="c">535</subfield></datafield><datafield ind1=" " ind2=" " tag="CAT"><subfield code="a">Sys</subfield><subfield code="c">20110119</subfield><subfield code="h">145058</subfield></datafield></record></collection>